@book{ipv6_fundamentals,
	author = {Rick, Graziani},
	title = {IPv6 Fundamentals - A straightforward Approach to Understanding IPv6 (2nd edition)},
	isbn = {978-1587144776},
	year = {2017},
	publisher = {Cisco Press}
}

@book{firewalls,
	author = {Elizabeth, D. Zwicky and Simon, Cooper and D. Brent, Chapman},
	title = {Building Internet Firewalls (2nd edition)},
	isbn = {1-56592-871-7},
	year = {2000},
	publisher = {O'Reilly Media}
}

@article{ssl_vpn,
	author = {Sheila, Frankel and Paul, Hoffman and Angela, D. Orebaugh and Richard, Park},
	title = {Guide to {SSL VPNs} ({NIST S}pecial {P}ublication 800-113)},
	year = {2008}
}

@article{ipsec_vpn,
	author = {Sheila, Frankel and Karen, Kent and Ryan, Lewkowski and Angela, D. Orebaugh and Ronald, W. Ritchey and Steven, R. Sharma},
	title = {Guide to {IP}sec {VPNs} ({NIST S}pecial {P}ublication 800-77)},
	year = {2005}
}	

@article{www_proxies,
	author = {Ari, Luotonen and Kevin, Altis},
	title = {{W}orld {W}ide {W}eb {P}roxies},
	year = {1994}
}

@book{osstmm,
	author = {Pete, Herzog},
	title = {{T}he {O}pen {S}ource {S}ecurity {T}esting {M}ethodology {M}anual 3 - {C}ontemporary {S}ecurity {T}esting and {A}nalysis},
	year = {2010},
	publisher = {ISECOM}
}

@book{snort,
	author = {Rafeeq, Ur Rehman},
	title = {{I}ntrusion {D}etection {S}ystems with {S}nort - {A}dvanced {IDS} {Techniques} {U}sing {S}nort, {A}pache, {MySQL}, {PHP}, and {ACID}},
	isbn = {0-13-140733-3},
	year = {2003},
	publisher = {Prentice Hall PTR}
}

@book{introduction,
	author = {Chwan-Hwa (John), Wu and J. David, Irwin},
	title = {{I}ntroduction to {C}omputer {N}etworks and {C}ybersecurity},
	isbn = {978-1-4665-7214-0},
	year = {2013},
	publisher = {CRC Press}
}

